<?xml version="1.0" encoding="UTF-8"?>
<record xmlns="http://www.loc.gov/MARC21/slim">
   <leader>01334cam a2200289 a 4500</leader>
   <controlfield tag="001">463431</controlfield>
   <controlfield tag="003">NjP</controlfield>
   <controlfield tag="005">20170905102833.0</controlfield>
   <controlfield tag="008">880825r19801886ir            00010 ara d</controlfield>
   <datafield tag="024" ind1="7" ind2=" ">
      <subfield code="a">princeton_aco004896</subfield>
      <subfield code="2">local</subfield>
   </datafield>
   <datafield ind1=" " ind2=" " tag="035">
      <subfield code="a">(OCoLC)54269608</subfield>
   </datafield>
   <datafield ind1=" " ind2=" " tag="035">
      <subfield code="a">(CStRLIN)NJPG88-B42876</subfield>
   </datafield>
   <datafield ind1=" " ind2=" " tag="035">
      <subfield code="9">ACD9087TS</subfield>
   </datafield>
   <datafield ind1=" " ind2=" " tag="035">
      <subfield code="a">463431</subfield>
   </datafield>
   <datafield ind1=" " ind2=" " tag="040">
      <subfield code="a">NjP</subfield>
      <subfield code="c">NjP</subfield>
   </datafield>
   <datafield ind1="2" ind2=" " tag="100">
      <subfield code="a">Shahīd al-Thānī, Zayn al-Dīn ibn ʻAlī,</subfield>
      <subfield code="d">1506-1559.</subfield>
      <subfield code="0">http://id.loc.gov/authorities/names/n85225611</subfield>
   </datafield>
   <datafield ind1="1" ind2="0" tag="245">
      <subfield code="a">Rawḍ al-janān fī sharḥ Irshād al-adhhān /</subfield>
      <subfield code="c">Zayn al-Dīn al-Jubaʻī al-ʻĀmilī al-Shāmī.</subfield>
   </datafield>
   <datafield ind1=" " ind2=" " tag="260">
      <subfield code="a">[Iran] :</subfield>
      <subfield code="b">Muʾassasat Āl al-Bayt li-Iḥyāʾ al-Turāth,</subfield>
      <subfield code="c">[198-]</subfield>
   </datafield>
   <datafield ind1=" " ind2=" " tag="300">
      <subfield code="a">400 p. ;</subfield>
      <subfield code="c">35 cm.</subfield>
   </datafield>
   <datafield ind1=" " ind2=" " tag="500">
      <subfield code="a">Title page partially vocalized.</subfield>
   </datafield>
   <datafield ind1=" " ind2=" " tag="500">
      <subfield code="a">Glosses in the margins.</subfield>
   </datafield>
   <datafield ind1=" " ind2=" " tag="534">
      <subfield code="p">Reprint. Originally published:</subfield>
      <subfield code="c">1886.</subfield>
   </datafield>
   <datafield ind1="2" ind2="0" tag="600">
      <subfield code="a">Ibn al-Muṭahhar al-Ḥillī, al-Ḥasan ibn Yūsuf,</subfield>
      <subfield code="d">1250-1325.</subfield>
      <subfield code="t">Irshād al-adhhān.</subfield>
   </datafield>
   <datafield ind1=" " ind2="0" tag="650">
      <subfield code="a">Islamic law</subfield>
      <subfield code="x">Interpretation and construction</subfield>
      <subfield code="x">Early works to 1800.</subfield>
      <subfield code="0">http://id.loc.gov/authorities/subjects/sh2008104962</subfield>
   </datafield>
   <datafield ind1=" " ind2="0" tag="650">
      <subfield code="a">Shiites.</subfield>
      <subfield code="0">http://id.loc.gov/authorities/subjects/sh85121432</subfield>
   </datafield>
   <datafield ind1=" " ind2=" " tag="998">
      <subfield code="a">02/14/90</subfield>
      <subfield code="s">9118</subfield>
      <subfield code="n">NjP</subfield>
      <subfield code="w">NJPG88B42876</subfield>
      <subfield code="d">08/25/88</subfield>
      <subfield code="c">JEB</subfield>
      <subfield code="b">JEB</subfield>
      <subfield code="i">900214</subfield>
      <subfield code="l">NJPG</subfield>
   </datafield>
   <datafield ind1=" " ind2=" " tag="911">
      <subfield code="a">19921028</subfield>
   </datafield>
   <datafield ind1=" " ind2=" " tag="912">
      <subfield code="a">19910104000000.0</subfield>
   </datafield>
   <datafield ind1="0" ind2="0" tag="852">
      <subfield code="0">503960</subfield>
      <subfield code="b">nec</subfield>
      <subfield code="t">1</subfield>
      <subfield code="c">Oversize</subfield>
      <subfield code="h">KBP370.I263</subfield>
      <subfield code="i">A377 1980zq</subfield>
   </datafield>
   <datafield ind1=" " ind2=" " tag="959">
      <subfield code="a">2000-06-13 00:00:00 -0400</subfield>
   </datafield>
</record>
